<?xml version="1.0" encoding="UTF-8"?><record xmlns="http://www.loc.gov/MARC21/slim" xmlns:cinclude="http://apache.org/cocoon/include/1.0" xmlns:zs="http://www.loc.gov/zing/srw/">
  <leader>00610nz  a2200157n  4500</leader>
  <controlfield tag="001">no 97007082 </controlfield>
  <controlfield tag="003">DLC</controlfield>
  <controlfield tag="005">19970204053126.5</controlfield>
  <controlfield tag="008">970203n| acannaab|          |a ana     c</controlfield>
  <datafield tag="010" ind1=" " ind2=" ">
    <subfield code="a">no 97007082 </subfield>
  </datafield>
  <datafield tag="035" ind1=" " ind2=" ">
    <subfield code="a">(OCoLC)oca04261864 </subfield>
  </datafield>
  <datafield tag="040" ind1=" " ind2=" ">
    <subfield code="a">Or</subfield>
    <subfield code="c">Or</subfield>
  </datafield>
  <datafield tag="110" ind1="2" ind2="0">
    <subfield code="a">Partners for Human Investment</subfield>
  </datafield>
  <datafield tag="410" ind1="2" ind2="0">
    <subfield code="a">Portland State University.</subfield>
    <subfield code="b">Partners for Human Investment</subfield>
  </datafield>
  <datafield tag="670" ind1=" " ind2=" ">
    <subfield code="a">Catalytic leadership handbook, 1993:</subfield>
    <subfield code="b">t.p. (Partners for Human Investment) t.p. verso (copyright ... Portland State University)</subfield>
  </datafield>
  <datafield tag="670" ind1=" " ind2=" ">
    <subfield code="a">Portland State University. Telephone directory, 1995:</subfield>
    <subfield code="b">p. 57 (Partners for Human Investment)</subfield>
  </datafield>
</record>